<record><leader>00000cas a22000007a 4500</leader><controlfield tag="001">11914896</controlfield><controlfield tag="008">850413d18391841ohuwr ne      0    0eng d</controlfield><controlfield tag="009">3783</controlfield><datafield ind1=" " ind2=" " tag="010"><subfield code="a">sn 85038217 </subfield></datafield><datafield ind1=" " ind2=" " tag="040"><subfield code="a">NPY</subfield><subfield code="b">eng</subfield><subfield code="c">NPY</subfield><subfield code="d">DLC</subfield><subfield code="d">ONP</subfield><subfield code="d">OCLCQ</subfield></datafield><datafield ind1=" " ind2=" " tag="042"><subfield code="a">msc</subfield></datafield><datafield ind1="0" ind2="0" tag="050"><subfield code="a">Newspaper 9214-X</subfield></datafield><datafield ind1="0" ind2=" " tag="130"><subfield code="a">Union star (Marysville, Ohio)</subfield></datafield><datafield ind1="0" ind2="4" tag="245"><subfield code="a">The Union star.</subfield></datafield><datafield ind1=" " ind2=" " tag="260"><subfield code="a">Marysville, Ohio :</subfield><subfield code="b">McLain &amp; McBratney,</subfield><subfield code="c">1839-1841.</subfield></datafield><datafield ind1=" " ind2=" " tag="300"><subfield code="a">3 v. ;</subfield><subfield code="c">51-55 cm.</subfield></datafield><datafield ind1=" " ind2=" " tag="310"><subfield code="a">Weekly</subfield></datafield><datafield ind1="0" ind2=" " tag="362"><subfield code="a">Vol. 1, no. 28 (Aug. 15, 1839)-v. 3, no. 26 (Oct. 29, 1841).</subfield></datafield><datafield ind1=" " ind2=" " tag="500"><subfield code="a">Publishers: McLain &amp; McBratney, Aug. 15, 1839-Mar. 6, 1840; R. McBratney, Mar. 18, 1840-Oct. 29, 1841.</subfield></datafield><datafield ind1=" " ind2=" " tag="500"><subfield code="a">"Whig." Cf. Gutgesell, S. Guide to Ohio newspapers, 1974.</subfield></datafield><datafield ind1=" " ind2=" " tag="500"><subfield code="a">Published on Thursday.</subfield></datafield><datafield ind1=" " ind2=" " tag="525"><subfield code="a">Supplements accompany some issues.</subfield></datafield><datafield ind1="1" ind2=" " tag="700"><subfield code="a">McBratney, Robert.</subfield></datafield><datafield ind1="1" ind2=" " tag="700"><subfield code="a">McLain, Stephen.</subfield></datafield><datafield ind1=" " ind2=" " tag="752"><subfield code="a">United States</subfield><subfield code="b">Ohio</subfield><subfield code="c">Union</subfield><subfield code="d">Marysville.</subfield></datafield><datafield ind1="0" ind2="0" tag="780"><subfield code="t">Our freedom, and Union County advertiser</subfield><subfield code="w">(DLC)sn 88077540</subfield></datafield></record>